@article{ei,
	author = {Boskabady, M. and Marefati, N. and Farkhondeh, T. and Shakeri, F. and Farshbaf, A and Hossein, M.B.},
	journal = {Environment International, IF},
	number = {577},
	pages = {1},
	title = {The effect of environmental lead exposure on human health and the contribution of inflammatory mechanisms, a review},
	volume = {7},
	year = {2018},
}
@article{government,
	author = {Scotland Government},
	title = {Drinking Water Quality for Scotland},
	URL = {https://dwqr.scot/public-water-supply/drinking-water-quality-faqs/lead/},
	year = {2013},
}
@article{sw,
	author = {Scottish Water},
	title = {Lead poisoning},
	URL = {https://www.nhsinform.scot/illnesses-and-conditions/infections-and-poisoning/lead-poisoning},
	year = {2020},
}
@article{aquatech,
	author = {Aquatech},
	journal = {Aquatech},
	title = {Lead Levels to be Halved Under Revised Drinking Water Directive},
	URL = {https://www.nhsinform.scot/illnesses-and-conditions/infections-and-poisoning/lead-poisoning},
	year = {2018},
}
@article{sw2,
	author = {Scottish Water},
	title = {Your guide to water pipework},
	URL = {https://www.scottishwater.co.uk/textterms},
	year = {2020},
}
@article{european,
	author = {European Union Scientific Committees},
	journal = {Scientific Committee on Health and Environmental Risks SCHER},
	title = {Lead Standard in Drinking Water},
	pages = {5},
	URL = {www.scottishwater.co.uk/textterms},
	year = {2011},
}
@article{drinking,
	author = {Drinking Water Quality Division},
	journal = {SE Environment Group, Drinking Water Quality Unit},
	title = {Further guidance on provisions to achieve compliance with lead standard},
	URL = {https://dwqr.scot/media/12921/information-letter-2006-5-lead.pdf},
	year = {2006},
}
@article{stacy,
	author = {Stacy, S.D.O},
	journal = {Medical News Today},
	title = {Lead poisoning in children and in adults},
	URL = {https://www.medicalnewstoday.com/articles/306601},
	year = {2018},
}
@article{tee,
	author = {Tee, L.G. and Marina, S.M. and David, F.G. and Lisa, R.},
	journal = {American Society of Civil Engineers},
	title = {DC WASA and Lead in Drinking Water: A Case Study},
	year = {2007},
}
@article{who,
	author = {WHO},
	title = {Lead poisoning and health},
	URL = {https://www.who.int/news-room/fact-sheets/detail/lead-poisoning-and-health},
	year = {2019},
}
